@inproceedings{PolicyGradient,
 author = {Sutton, Richard S. and McAllester, David and Singh, Satinder and Mansour, Yishay},
 title = {Policy Gradient Methods for Reinforcement Learning with Function Approximation},
 booktitle = {Proceedings of the 12th International Conference on Neural Information Processing Systems},
 series = {NIPS'99},
 year = {1999},
 location = {Denver, CO},
 pages = {1057--1063},
 numpages = {7},
 url = {http://dl.acm.org/citation.cfm?id=3009657.3009806},
 acmid = {3009806},
 publisher = {MIT Press},
 address = {Cambridge, MA, USA},
} 

@misc{vaquero2018autotuning,
    title={Auto-tuning Distributed Stream Processing Systems using Reinforcement Learning},
    author={Luis M. Vaquero and Felix Cuadrado},
    year={2018},
    eprint={1809.05495},
    archivePrefix={arXiv},
    primaryClass={cs.DC}
}

@misc{openSourcing,
    title={Open Sourcing Twitter Heron},
    author={Karthik Ramasamy},
    year={2016}
}

@book{karau2015learning,
  title={Learning spark: lightning-fast big data analysis},
  author={Karau, Holden and Konwinski, Andy and Wendell, Patrick and Zaharia, Matei},
  year={2015},
  publisher={" O'Reilly Media, Inc."}
}