@inproceedings{policyGradient,
 author = {Sutton, Richard S. and McAllester, David and Singh, Satinder and Mansour, Yishay},
 title = {Policy Gradient Methods for Reinforcement Learning with Function Approximation},
 booktitle = {Proceedings of the 12th International Conference on Neural Information Processing Systems},
 series = {NIPS'99},
 year = {1999},
 location = {Denver, CO},
 pages = {1057--1063},
 numpages = {7},
 url = {http://dl.acm.org/citation.cfm?id=3009657.3009806},
 acmid = {3009806},
 publisher = {MIT Press},
 address = {Cambridge, MA, USA},
} 

@misc{vaquero2018autotuning,
    title={Auto-tuning Distributed Stream Processing Systems using Reinforcement Learning},
    author={Luis M. Vaquero and Felix Cuadrado},
    year={2018},
    eprint={1809.05495},
    archivePrefix={arXiv},
    primaryClass={cs.DC}
}

@misc{openSourcing,
    title={Open Sourcing Twitter Heron},
    author={Karthik Ramasamy},
    year={2016}
}

@book{karau2015learning,
  title={Learning spark: lightning-fast big data analysis},
  author={Karau, Holden and Konwinski, Andy and Wendell, Patrick and Zaharia, Matei},
  year={2015},
  publisher={" O'Reilly Media, Inc."}
}

@inproceedings{twitterHeron,
 author = {Kulkarni, Sanjeev and Bhagat, Nikunj and Fu, Maosong and Kedigehalli, Vikas and Kellogg, Christopher and Mittal, Sailesh and Patel, Jignesh M. and Ramasamy, Karthik and Taneja, Siddarth},
 title = {Twitter Heron: Stream Processing at Scale},
 booktitle = {Proceedings of the 2015 ACM SIGMOD International Conference on Management of Data},
 series = {SIGMOD '15},
 year = {2015},
 isbn = {978-1-4503-2758-9},
 location = {Melbourne, Victoria, Australia},
 pages = {239--250},
 numpages = {12},
 url = {http://doi.acm.org/10.1145/2723372.2742788},
 doi = {10.1145/2723372.2742788},
 acmid = {2742788},
 publisher = {ACM},
 address = {New York, NY, USA},
 keywords = {real-time data processing., stream data processing systems},
}

@misc{shortstreamproc,
    author={Jonathan Beard},
    title={A SHORT INTRO TO STREAM PROCESSING},
    year={2015},
	  month={09},
    howpublished={\url{http://www.jonathanbeard.io/blog/2015/09/19/streaming-and-dataflow.html}},
}


@misc{configDocument,
    author={Heron},
    year={2019},
    title={Heron Documentation on cluster configuration},
    howpublished={\url{http://heron.incubator.apache.org/docs/cluster-config-overview/}},
}

@inproceedings{selfRegulatingStreaming,
 author = {Floratou, Avrilia and Agrawal, Ashvin},
 title = {Self-Regulating Streaming Systems: Challenges and Opportunities},
 booktitle = {Proceedings of the International Workshop on Real-Time Business Intelligence and Analytics},
 series = {BIRTE '17},
 year = {2017},
 isbn = {978-1-4503-5425-7},
 location = {Munich, Germany},
 pages = {1:1--1:5},
 articleno = {1},
 numpages = {5},
 url = {http://doi.acm.org/10.1145/3129292.3129295},
 doi = {10.1145/3129292.3129295},
 acmid = {3129295},
 publisher = {ACM},
 address = {New York, NY, USA},
 keywords = {Stream data processing, self-regulating streaming systems},
} 

@article{automateTuning,
 author = {Sullivan, David G. and Seltzer, Margo I. and Pfeffer, Avi},
 title = {Using Probabilistic Reasoning to Automate Software Tuning},
 journal = {SIGMETRICS Perform. Eval. Rev.},
 issue_date = {June 2004},
 volume = {32},
 number = {1},
 month = jun,
 year = {2004},
 issn = {0163-5999},
 pages = {404--405},
 numpages = {2},
 url = {http://doi.acm.org/10.1145/1012888.1005739},
 doi = {10.1145/1012888.1005739},
 acmid = {1005739},
 publisher = {ACM},
 address = {New York, NY, USA},
 keywords = {influence diagrams, probabilistic reasoning, self-tuning systems},
} 

@article{dhalion,
author = {Floratou, Avrilia and Agrawal, Ashvin and Graham, Bill and Rao, Sriram and Ramasamy, Karthik},
year = {2017},
month = {08},
pages = {1825-1836},
title = {Dhalion: self-regulating stream processing in heron},
volume = {10},
journal = {Proceedings of the VLDB Endowment},
doi = {10.14778/3137765.3137786}
}

@article{reinforcment,
 author = {Jaksch, Thomas and Ortner, Ronald and Auer, Peter},
 title = {Near-optimal Regret Bounds for Reinforcement Learning},
 journal = {J. Mach. Learn. Res.},
 issue_date = {3/1/2010},
 volume = {11},
 month = aug,
 year = {2010},
 issn = {1532-4435},
 pages = {1563--1600},
 numpages = {38},
 url = {http://dl.acm.org/citation.cfm?id=1756006.1859902},
 acmid = {1859902},
 publisher = {JMLR.org},
} 
