@inproceedings{policyGradient,
  author    = {Sutton, Richard S. and McAllester, David and Singh, Satinder and Mansour, Yishay},
  title     = {Policy Gradient Methods for Reinforcement Learning with Function Approximation},
  booktitle = {Proceedings of the 12th International Conference on Neural Information Processing Systems},
  series    = {NIPS'99},
  year      = {1999},
  location  = {Denver, CO},
  pages     = {1057--1063},
  numpages  = {7},
  url       = {http://dl.acm.org/citation.cfm?id=3009657.3009806},
  acmid     = {3009806},
  publisher = {MIT Press},
  address   = {Cambridge, MA, USA}
} 

@misc{vaquero2018autotuning,
  title         = {Auto-tuning Distributed Stream Processing Systems using Reinforcement Learning},
  author        = {Luis M. Vaquero and Felix Cuadrado},
  year          = {2018},
  eprint        = {1809.05495},
  archiveprefix = {arXiv},
  primaryclass  = {cs.DC}
}

@misc{openSourcing,
  title  = {Open Sourcing Twitter Heron},
  author = {Karthik Ramasamy},
  year   = {2016}
}

@book{karau2015learning,
  title     = {Learning spark: lightning-fast big data analysis},
  author    = {Karau, Holden and Konwinski, Andy and Wendell, Patrick and Zaharia, Matei},
  year      = {2015},
  publisher = {" O'Reilly Media, Inc."}
}

@inproceedings{twitterHeron,
  author    = {Kulkarni, Sanjeev and Bhagat, Nikunj and Fu, Maosong and Kedigehalli, Vikas and Kellogg, Christopher and Mittal, Sailesh and Patel, Jignesh M. and Ramasamy, Karthik and Taneja, Siddarth},
  title     = {Twitter Heron: Stream Processing at Scale},
  booktitle = {Proceedings of the 2015 ACM SIGMOD International Conference on Management of Data},
  series    = {SIGMOD '15},
  year      = {2015},
  isbn      = {978-1-4503-2758-9},
  location  = {Melbourne, Victoria, Australia},
  pages     = {239--250},
  numpages  = {12},
  url       = {http://doi.acm.org/10.1145/2723372.2742788},
  doi       = {10.1145/2723372.2742788},
  acmid     = {2742788},
  publisher = {ACM},
  address   = {New York, NY, USA},
  keywords  = {real-time data processing., stream data processing systems}
}

@misc{shortstreamproc,
  author       = {Jonathan Beard},
  title        = {A SHORT INTRO TO STREAM PROCESSING},
  year         = {2015},
  month        = {09},
  howpublished = {\url{http://www.jonathanbeard.io/blog/2015/09/19/streaming-and-dataflow.html}}
}


@misc{configDocument,
  author       = {Heron},
  year         = {2019},
  title        = {Heron Documentation on cluster configuration},
  howpublished = {\url{http://heron.incubator.apache.org/docs/cluster-config-overview/}}
}

@inproceedings{selfRegulatingStreaming,
  author    = {Floratou, Avrilia and Agrawal, Ashvin},
  title     = {Self-Regulating Streaming Systems: Challenges and Opportunities},
  booktitle = {Proceedings of the International Workshop on Real-Time Business Intelligence and Analytics},
  series    = {BIRTE '17},
  year      = {2017},
  isbn      = {978-1-4503-5425-7},
  location  = {Munich, Germany},
  pages     = {1:1--1:5},
  articleno = {1},
  numpages  = {5},
  url       = {http://doi.acm.org/10.1145/3129292.3129295},
  doi       = {10.1145/3129292.3129295},
  acmid     = {3129295},
  publisher = {ACM},
  address   = {New York, NY, USA},
  keywords  = {Stream data processing, self-regulating streaming systems}
} 

@article{automateTuning,
  author     = {Sullivan, David G. and Seltzer, Margo I. and Pfeffer, Avi},
  title      = {Using Probabilistic Reasoning to Automate Software Tuning},
  journal    = {SIGMETRICS Perform. Eval. Rev.},
  issue_date = {June 2004},
  volume     = {32},
  number     = {1},
  month      = jun,
  year       = {2004},
  issn       = {0163-5999},
  pages      = {404--405},
  numpages   = {2},
  url        = {http://doi.acm.org/10.1145/1012888.1005739},
  doi        = {10.1145/1012888.1005739},
  acmid      = {1005739},
  publisher  = {ACM},
  address    = {New York, NY, USA},
  keywords   = {influence diagrams, probabilistic reasoning, self-tuning systems}
} 

@article{dhalion,
  author  = {Floratou, Avrilia and Agrawal, Ashvin and Graham, Bill and Rao, Sriram and Ramasamy, Karthik},
  year    = {2017},
  month   = {08},
  pages   = {1825-1836},
  title   = {Dhalion: self-regulating stream processing in heron},
  volume  = {10},
  journal = {Proceedings of the VLDB Endowment},
  doi     = {10.14778/3137765.3137786}
}

@article{reinforcment,
  author     = {Jaksch, Thomas and Ortner, Ronald and Auer, Peter},
  title      = {Near-optimal Regret Bounds for Reinforcement Learning},
  journal    = {J. Mach. Learn. Res.},
  issue_date = {3/1/2010},
  volume     = {11},
  month      = aug,
  year       = {2010},
  issn       = {1532-4435},
  pages      = {1563--1600},
  numpages   = {38},
  url        = {http://dl.acm.org/citation.cfm?id=1756006.1859902},
  acmid      = {1859902},
  publisher  = {JMLR.org}
} 

@article{roger2019comprehensive,
  title     = {A comprehensive survey on parallelization and elasticity in stream processing},
  author    = {R{\"o}ger, Henriette and Mayer, Ruben},
  journal   = {ACM Computing Surveys (CSUR)},
  volume    = {52},
  number    = {2},
  pages     = {1--37},
  year      = {2019},
  publisher = {ACM New York, NY, USA}
}

@article{liu2017stepwise,
  title     = {A stepwise auto-profiling method for performance optimization of streaming applications},
  author    = {Liu, Xunyun and Dastjerdi, Amir Vahid and Calheiros, Rodrigo N and Qu, Chenhao and Buyya, Rajkumar},
  journal   = {ACM Transactions on Autonomous and Adaptive Systems (TAAS)},
  volume    = {12},
  number    = {4},
  pages     = {1--33},
  year      = {2017},
  publisher = {ACM New York, NY, USA}
}

@article{herodotou2020survey,
  title     = {A Survey on Automatic Parameter Tuning for Big Data Processing Systems},
  author    = {Herodotou, Herodotos and Chen, Yuxing and Lu, Jiaheng},
  journal   = {ACM Computing Surveys (CSUR)},
  volume    = {53},
  number    = {2},
  pages     = {1--37},
  year      = {2020},
  publisher = {ACM New York, NY, USA}
}

@article{shieh2017topology,
  title     = {A topology-based scaling mechanism for A pache S torm},
  author    = {Shieh, Ce-Kuen and Huang, Sheng-Wei and Sun, Li-Da and Tsai, Ming-Fong and Chilamkurti, Naveen},
  journal   = {International Journal of Network Management},
  volume    = {27},
  number    = {3},
  pages     = {e1933},
  year      = {2017},
  publisher = {Wiley Online Library}
}

@inproceedings{heinze2014auto,
  title        = {Auto-scaling techniques for elastic data stream processing},
  author       = {Heinze, Thomas and Pappalardo, Valerio and Jerzak, Zbigniew and Fetzer, Christof},
  booktitle    = {2014 IEEE 30th International Conference on Data Engineering Workshops},
  pages        = {296--302},
  year         = {2014},
  organization = {IEEE}
}

@article{DBLP:journals/corr/abs-1806-03210,
  author        = {Murat Demirbas and
               Aleksey Charapko and
               Ailidani Ailijiang},
  title         = {Does The Cloud Need Stabilizing?},
  journal       = {CoRR},
  volume        = {abs/1806.03210},
  year          = {2018},
  url           = {http://arxiv.org/abs/1806.03210},
  archiveprefix = {arXiv},
  eprint        = {1806.03210},
  timestamp     = {Mon, 13 Aug 2018 16:48:05 +0200},
  biburl        = {https://dblp.org/rec/journals/corr/abs-1806-03210.bib},
  bibsource     = {dblp computer science bibliography, https://dblp.org}
}

@inproceedings{van2015dynamically,
  title        = {Dynamically scaling apache storm for the analysis of streaming data},
  author       = {van der Veen, Jan Sipke and van der Waaij, Bram and Lazovik, Elena and Wijbrandi, Wilco and Meijer, Robert J},
  booktitle    = {2015 IEEE First International Conference on Big Data Computing Service and Applications},
  pages        = {154--161},
  year         = {2015},
  organization = {IEEE}
}

@inproceedings{wang2019elasticutor,
  title     = {Elasticutor: rapid elasticity for realtime stateful stream processing},
  author    = {Wang, Li and Fu, Tom ZJ and Ma, Richard TB and Winslett, Marianne and Zhang, Zhenjie},
  booktitle = {Proceedings of the 2019 International Conference on Management of Data},
  pages     = {573--588},
  year      = {2019}
}


@inproceedings{truong2018performance,
  title        = {Performance analysis of large-scale distributed stream processing systems on the cloud},
  author       = {Truong, Tri Minh and Harwood, Aaron and Sinnott, Richard O and Chen, Shiping},
  booktitle    = {2018 IEEE 11th International Conference on Cloud Computing (CLOUD)},
  pages        = {754--761},
  year         = {2018},
  organization = {IEEE}
}

@inproceedings{xu2016stela,
  title        = {Stela: Enabling stream processing systems to scale-in and scale-out on-demand},
  author       = {Xu, Le and Peng, Boyang and Gupta, Indranil},
  booktitle    = {2016 IEEE International Conference on Cloud Engineering (IC2E)},
  pages        = {22--31},
  year         = {2016},
  organization = {IEEE}
}

@article{stephens1997survey,
  title     = {A survey of stream processing},
  author    = {Stephens, Robert},
  journal   = {Acta Informatica},
  volume    = {34},
  number    = {7},
  pages     = {491--541},
  year      = {1997},
  publisher = {Springer}
}

@inproceedings{babcock2002models,
  title     = {Models and issues in data stream systems},
  author    = {Babcock, Brian and Babu, Shivnath and Datar, Mayur and Motwani, Rajeev and Widom, Jennifer},
  booktitle = {Proceedings of the twenty-first ACM SIGMOD-SIGACT-SIGART symposium on Principles of database systems},
  pages     = {1--16},
  year      = {2002}
}

@article{stonebraker20058,
  title     = {The 8 requirements of real-time stream processing},
  author    = {Stonebraker, Michael and {\c{C}}etintemel, UÇ§ur and Zdonik, Stan},
  journal   = {ACM Sigmod Record},
  volume    = {34},
  number    = {4},
  pages     = {42--47},
  year      = {2005},
  publisher = {ACM New York, NY, USA}
}

@article{kamburugamuve2016survey,
  title   = {Survey of distributed stream processing},
  author  = {Kamburugamuve, Supun and Fox, Geoffrey},
  journal = {Bloomington: Indiana University},
  year    = {2016}
}

@incollection{zhao2017taxonomy,
  title     = {A taxonomy and survey of stream processing systems},
  author    = {Zhao, Xinwei and Garg, Saurabh and Queiroz, Carlos and Buyya, Rajkumar},
  booktitle = {Software Architecture for Big Data and the Cloud},
  pages     = {183--206},
  year      = {2017},
  publisher = {Elsevier}
}

@inproceedings{falt2011task,
  title     = {Task Scheduling in Data Stream Processing.},
  author    = {Falt, Zbynek and Yaghob, Jakub},
  booktitle = {DATESO},
  pages     = {85--96},
  year      = {2011}
}

@article{noghabi2017samza,
  title     = {Samza: stateful scalable stream processing at LinkedIn},
  author    = {Noghabi, Shadi A and Paramasivam, Kartik and Pan, Yi and Ramesh, Navina and Bringhurst, Jon and Gupta, Indranil and Campbell, Roy H},
  journal   = {Proceedings of the VLDB Endowment},
  volume    = {10},
  number    = {12},
  pages     = {1634--1645},
  year      = {2017},
  publisher = {VLDB Endowment}
}

@inproceedings{bondi2000characteristics,
  title     = {Characteristics of scalability and their impact on performance},
  author    = {Bondi, Andr{\'e} B},
  booktitle = {Proceedings of the 2nd international workshop on Software and performance},
  pages     = {195--203},
  year      = {2000}
}

@book{tanenbaum2007distributed,
  title     = {Distributed systems: principles and paradigms},
  author    = {Tanenbaum, Andrew S and Van Steen, Maarten},
  year      = {2007},
  publisher = {Prentice-Hall}
}

@article{iqbal2015big,
  title   = {Big data analysis: Apache storm perspective},
  author  = {Iqbal, Muhammad Hussain and Soomro, Tariq Rahim},
  journal = {International journal of computer trends and technology},
  volume  = {19},
  number  = {1},
  pages   = {9--14},
  year    = {2015}
}

@article{hirzel2014catalog,
  title     = {A catalog of stream processing optimizations},
  author    = {Hirzel, Martin and Soul{\'e}, Robert and Schneider, Scott and Gedik, Bu{\u{g}}ra and Grimm, Robert},
  journal   = {ACM Computing Surveys (CSUR)},
  volume    = {46},
  number    = {4},
  pages     = {1--34},
  year      = {2014},
  publisher = {ACM New York, NY, USA}
}

@article{Karimov2018BenchmarkingDS,
  title   = {Benchmarking Distributed Stream Processing Engines},
  author  = {Jeyhun Karimov and Tilmann Rabl and Asterios Katsifodimos and Roman Samarev and Henri Heiskanen and Volker Markl},
  journal = {ArXiv},
  year    = {2018},
  volume  = {abs/1802.08496}
}

@inproceedings{Qian2016Benchmarking,
  author    = {S. {Qian} and G. {Wu} and J. {Huang} and T. {Das}},
  booktitle = {2016 IEEE International Conference on Industrial Technology (ICIT)},
  title     = {Benchmarking modern distributed streaming platforms},
  year      = {2016},
  volume    = {},
  number    = {},
  pages     = {592-598}
}

@inproceedings{huang2010hibench,
  title        = {The HiBench benchmark suite: Characterization of the MapReduce-based data analysis},
  author       = {Huang, Shengsheng and Huang, Jie and Dai, Jinquan and Xie, Tao and Huang, Bo},
  booktitle    = {2010 IEEE 26th International Conference on Data Engineering Workshops (ICDEW 2010)},
  pages        = {41--51},
  year         = {2010},
  organization = {IEEE}
}

@article{zhang2020heron,
  title     = {L-Heron: An open-source load-aware online scheduler for Apache Heron},
  author    = {Zhang, Yitian and Yu, Jiong and Lu, Liang and Li, Ziyang and Meng, Zhao},
  journal   = {Journal of Systems Architecture},
  volume    = {106},
  pages     = {101727},
  year      = {2020},
  publisher = {Elsevier}
}


@inproceedings{Chintapalli2016Benchmarking,
  author    = {S. {Chintapalli} and D. {Dagit} and B. {Evans} and R. {Farivar} and T. {Graves} and M. {Holderbaugh} and Z. {Liu} and K. {Nusbaum} and K. {Patil} and B. J. {Peng} and P. {Poulosky}},
  booktitle = {2016 IEEE International Parallel and Distributed Processing Symposium Workshops (IPDPSW)},
  title     = {Benchmarking Streaming Computation Engines: Storm, Flink and Spark Streaming},
  year      = {2016},
  volume    = {},
  number    = {},
  pages     = {1789-1792}
}

  @article{lu2019speedup,
  title     = {Speedup your analytics: Automatic parameter tuning for databases and big data systems},
  author    = {Lu, Jiaheng and Chen, Yuxing and Herodotou, Herodotos and Babu, Shivnath},
  journal   = {Proceedings of the VLDB Endowment},
  volume    = {12},
  number    = {12},
  pages     = {1970--1973},
  year      = {2019},
  publisher = {VLDB Endowment}
}

@inproceedings{herodotou2011starfish,
  title     = {Starfish: A Self-tuning System for Big Data Analytics.},
  author    = {Herodotou, Herodotos and Lim, Harold and Luo, Gang and Borisov, Nedyalko and Dong, Liang and Cetin, Fatma Bilgen and Babu, Shivnath},
  booktitle = {Cidr},
  volume    = {11},
  number    = {2011},
  pages     = {261--272},
  year      = {2011}
}

@inproceedings{Bilal2017Towards,
  author = {Bilal, Muhammad and Canini, Marco},
  year   = {2017},
  month  = {09},
  pages  = {189-200},
  title  = {Towards automatic parameter tuning of stream processing systems},
  doi    = {10.1145/3127479.3127492}
}

@misc{petridis2016spark,
  title         = {Spark Parameter Tuning via Trial-and-Error},
  author        = {Panagiotis Petridis and Anastasios Gounaris and Jordi Torres},
  year          = {2016},
  eprint        = {1607.07348},
  archiveprefix = {arXiv},
  primaryclass  = {cs.DC}
}

@article{Pooyan2016Uncertainty,
  author  = {Pooyan Jamshidi and
               Giuliano Casale},
  title   = {An Uncertainty-Aware Approach to Optimal Configuration of Stream Processing
               Systems},
  journal = {CoRR},
  volume  = {abs/1606.06543},
  year    = {2016},
  eprint  = {1606.06543}
}

@article{Dayarathna2018Recent,
  author     = {Dayarathna, Miyuru and Perera, Srinath},
  title      = {Recent Advancements in Event Processing},
  year       = {2018},
  issue_date = {June 2018},
  publisher  = {Association for Computing Machinery},
  address    = {New York, NY, USA},
  volume     = {51},
  number     = {2},
  issn       = {0360-0300},
  doi        = {10.1145/3170432},
  journal    = {ACM Comput. Surv.},
  month      = feb,
  articleno  = {33},
  numpages   = {36},
  keywords   = {Event processing, complex event processing, data stream processing}
}
  

@inproceedings{Trotter2017Into,
  author    = {M. {Trotter} and G. {Liu} and T. {Wood}},
  booktitle = {2017 IEEE 2nd International Workshops on Foundations and Applications of Self* Systems (FAS*W)},
  title     = {Into the Storm: Descrying Optimal Configurations Using Genetic Algorithms and Bayesian Optimization},
  year      = {2017},
  volume    = {},
  number    = {},
  pages     = {175-180}
}

@misc{bansal2018trevor,
  title         = {Trevor: Automatic configuration and scaling of stream processing pipelines},
  author        = {Manu Bansal and Eyal Cidon and Arjun Balasingam and Aditya Gudipati and Christos Kozyrakis and Sachin Katti},
  year          = {2018},
  eprint        = {1812.09442},
  archiveprefix = {arXiv},
  primaryclass  = {cs.DC}
}

@inproceedings{wang2016novel,
  title        = {A novel method for tuning configuration parameters of spark based on machine learning},
  author       = {Wang, Guolu and Xu, Jungang and He, Ben},
  booktitle    = {2016 IEEE 18th International Conference on High Performance Computing and Communications; IEEE 14th International Conference on Smart City; IEEE 2nd International Conference on Data Science and Systems (HPCC/SmartCity/DSS)},
  pages        = {586--593},
  year         = {2016},
  organization = {IEEE}
}

@inproceedings{yang2012statistics,
  title        = {Statistics-based workload modeling for mapreduce},
  author       = {Yang, Hailong and Luan, Zhongzhi and Li, Wenjun and Qian, Depei and Guan, Gang},
  booktitle    = {2012 IEEE 26th International Parallel and Distributed Processing Symposium Workshops \& PhD Forum},
  pages        = {2043--2051},
  year         = {2012},
  organization = {IEEE}
}

@inproceedings{trotter2019forecasting,
  title        = {Forecasting a Storm: Divining Optimal Configurations using Genetic Algorithms and Supervised Learning},
  author       = {Trotter, Michael and Wood, Timothy and Hwang, Jinho},
  booktitle    = {2019 IEEE International Conference on Autonomic Computing (ICAC)},
  pages        = {136--146},
  year         = {2019},
  organization = {IEEE}
}

@inproceedings{zacheilas2015elastic,
  title        = {Elastic complex event processing exploiting prediction},
  author       = {Zacheilas, Nikos and Kalogeraki, Vana and Zygouras, Nikolas and Panagiotou, Nikolaos and Gunopulos, Dimitrios},
  booktitle    = {2015 IEEE International Conference on Big Data (Big Data)},
  pages        = {213--222},
  year         = {2015},
  organization = {IEEE}
}

@article{li2016performance,
  title     = {Performance modeling and predictive scheduling for distributed stream data processing},
  author    = {Li, Teng and Tang, Jian and Xu, Jielong},
  journal   = {IEEE Transactions on Big Data},
  volume    = {2},
  number    = {4},
  pages     = {353--364},
  year      = {2016},
  publisher = {IEEE}
}

@article{wang2017automating,
  title     = {Automating characterization deployment in distributed data stream management systems},
  author    = {Wang, Chunkai and Meng, Xiaofeng and Guo, Qi and Weng, Zujian and Yang, Chen},
  journal   = {IEEE Transactions on Knowledge and Data Engineering},
  volume    = {29},
  number    = {12},
  pages     = {2669--2681},
  year      = {2017},
  publisher = {IEEE}
}

@article{Li2018Model,
  author     = {Li, Teng and Xu, Zhiyuan and Tang, Jian and Wang, Yanzhi},
  title      = {Model-Free Control for Distributed Stream Data Processing Using Deep Reinforcement Learning},
  year       = {2018},
  issue_date = {February 2018},
  publisher  = {VLDB Endowment},
  volume     = {11},
  number     = {6},
  issn       = {2150-8097},
  url        = {https://doi.org/10.14778/3199517.3199521},
  doi        = {10.14778/3199517.3199521},
  journal    = {Proc. VLDB Endow.},
  month      = feb,
  pages      = {705â718},
  numpages   = {14}
}

@article{williams1992simple,
  title     = {Simple statistical gradient-following algorithms for connectionist reinforcement learning},
  author    = {Williams, Ronald J},
  journal   = {Machine learning},
  volume    = {8},
  number    = {3-4},
  pages     = {229--256},
  year      = {1992},
  publisher = {Springer}
}

@misc{ni2019generalizable,
  title         = {Generalizable Resource Allocation in Stream Processing via Deep Reinforcement Learning},
  author        = {Xiang Ni and Jing Li and Mo Yu and Wang Zhou and Kun-Lung Wu},
  year          = {2019},
  eprint        = {1911.08517},
  archiveprefix = {arXiv},
  primaryclass  = {cs.LG}
}

@misc{kingma2014adam,
  title         = {Adam: A Method for Stochastic Optimization},
  author        = {Diederik P. Kingma and Jimmy Ba},
  year          = {2014},
  eprint        = {1412.6980},
  archiveprefix = {arXiv},
  primaryclass  = {cs.LG}
}

@misc{lillicrap2015continuous,
  title         = {Continuous control with deep reinforcement learning},
  author        = {Timothy P. Lillicrap and Jonathan J. Hunt and Alexander Pritzel and Nicolas Heess and Tom Erez and Yuval Tassa and David Silver and Daan Wierstra},
  year          = {2015},
  eprint        = {1509.02971},
  archiveprefix = {arXiv},
  primaryclass  = {cs.LG}
}

@article{mnih2015human,
  title     = {Human-level control through deep reinforcement learning},
  author    = {Mnih, Volodymyr and Kavukcuoglu, Koray and Silver, David and Rusu, Andrei A and Veness, Joel and Bellemare, Marc G and Graves, Alex and Riedmiller, Martin and Fidjeland, Andreas K and Ostrovski, Georg and others},
  journal   = {Nature},
  volume    = {518},
  number    = {7540},
  pages     = {529--533},
  year      = {2015},
  publisher = {Nature Publishing Group}
}


@inproceedings{Russo2019Reinforcement,
  author    = {Russo, Gabriele Russo and Cardellini, Valeria and Presti, Francesco Lo},
  title     = {Reinforcement Learning Based Policies for Elastic Stream Processing on Heterogeneous Resources},
  year      = {2019},
  isbn      = {9781450367943},
  publisher = {Association for Computing Machinery},
  address   = {New York, NY, USA},
  url       = {https://doi.org/10.1145/3328905.3329506},
  doi       = {10.1145/3328905.3329506},
  booktitle = {Proceedings of the 13th ACM International Conference on Distributed and Event-Based Systems},
  pages     = {31â42},
  numpages  = {12},
  keywords  = {Elasticity, Markov Decision Process, Function Approximation, Reinforcement Learning, Tile Coding},
  location  = {Darmstadt, Germany},
  series    = {DEBS â19}
}

@inproceedings{Silver2014Deterministic,
  author    = {Silver, David and Lever, Guy and Heess, Nicolas and Degris, Thomas and Wierstra, Daan and Riedmiller, Martin},
  title     = {Deterministic Policy Gradient Algorithms},
  year      = {2014},
  publisher = {JMLR.org},
  booktitle = {Proceedings of the 31st International Conference on International Conference on Machine Learning - Volume 32},
  pages     = {Iâ387âIâ395},
  numpages  = {9},
  location  = {Beijing, China},
  series    = {ICMLâ14}
}

@article{fu2015streaming,
  title   = {Streaming@ Twitter.},
  author  = {Fu, Maosong and Mittal, Sailesh and Kedigehalli, Vikas and Ramasamy, Karthik and Barry, Michael and Jorgensen, Andrew and Kellogg, Christopher and Lu, Neng and Graham, Bill and Wu, Jingwei},
  journal = {IEEE Data Eng. Bull.},
  volume  = {38},
  number  = {4},
  pages   = {15--27},
  year    = {2015}
}

@article{bishoppattern,
  title={Pattern Recognition and Machine Learning (Information Science and Statistics)(Springer-Verlag New York, Inc., Secaucus, NJ, USA, 2006).},
  author={Bishop, CM}
}

@misc{whypopular,
    author={DATAFLAIR TEAM},
    title={Why is Machine Learning so popular?},
    howpublished={\url{https://data-flair.training/blogs/why-machine-learning-is-popular/}},
}

@article{reinf,
  author    = {Leslie Pack Kaelbling and
               Michael L. Littman and
               Andrew W. Moore},
  title     = {Reinforcement Learning: {A} Survey},
  journal   = {CoRR},
  volume    = {cs.AI/9605103},
  year      = {1996},
  url       = {https://arxiv.org/abs/cs/9605103},
  timestamp = {Fri, 10 Jan 2020 12:58:17 +0100},
  biburl    = {https://dblp.org/rec/journals/corr/cs-AI-9605103.bib},
  bibsource = {dblp computer science bibliography, https://dblp.org}
}

@article{melo2001convergence,
  title={Convergence of Q-learning: A simple proof},
  author={Melo, Francisco S},
  journal={Institute Of Systems and Robotics, Tech. Rep},
  pages={1--4},
  year={2001}
}

@article{handson,
    author={Ankit Choudhary},
    title={A Hands-On Introduction to Deep Q-Learning using OpenAI Gym in Python},
    howpublished={\url{https://www.analyticsvidhya.com/blog/2019/04/introduction-deep-q-learning-python/}},
    year={2019}
}
