@inproceedings{policyGradient,
 author = {Sutton, Richard S. and McAllester, David and Singh, Satinder and Mansour, Yishay},
 title = {Policy Gradient Methods for Reinforcement Learning with Function Approximation},
 booktitle = {Proceedings of the 12th International Conference on Neural Information Processing Systems},
 series = {NIPS'99},
 year = {1999},
 location = {Denver, CO},
 pages = {1057--1063},
 numpages = {7},
 url = {http://dl.acm.org/citation.cfm?id=3009657.3009806},
 acmid = {3009806},
 publisher = {MIT Press},
 address = {Cambridge, MA, USA},
} 

@misc{vaquero2018autotuning,
    title={Auto-tuning Distributed Stream Processing Systems using Reinforcement Learning},
    author={Luis M. Vaquero and Felix Cuadrado},
    year={2018},
    eprint={1809.05495},
    archivePrefix={arXiv},
    primaryClass={cs.DC}
}

@misc{openSourcing,
    title={Open Sourcing Twitter Heron},
    author={Karthik Ramasamy},
    year={2016}
}

@book{karau2015learning,
  title={Learning spark: lightning-fast big data analysis},
  author={Karau, Holden and Konwinski, Andy and Wendell, Patrick and Zaharia, Matei},
  year={2015},
  publisher={" O'Reilly Media, Inc."}
}

@inproceedings{twitterHeron,
 author = {Kulkarni, Sanjeev and Bhagat, Nikunj and Fu, Maosong and Kedigehalli, Vikas and Kellogg, Christopher and Mittal, Sailesh and Patel, Jignesh M. and Ramasamy, Karthik and Taneja, Siddarth},
 title = {Twitter Heron: Stream Processing at Scale},
 booktitle = {Proceedings of the 2015 ACM SIGMOD International Conference on Management of Data},
 series = {SIGMOD '15},
 year = {2015},
 isbn = {978-1-4503-2758-9},
 location = {Melbourne, Victoria, Australia},
 pages = {239--250},
 numpages = {12},
 url = {http://doi.acm.org/10.1145/2723372.2742788},
 doi = {10.1145/2723372.2742788},
 acmid = {2742788},
 publisher = {ACM},
 address = {New York, NY, USA},
 keywords = {real-time data processing., stream data processing systems},
}

@misc{shortstreamproc,
    author={Jonathan Beard},
    title={A SHORT INTRO TO STREAM PROCESSING},
    year={2015},
	  month={09},
    howpublished={\url{http://www.jonathanbeard.io/blog/2015/09/19/streaming-and-dataflow.html}},
}


@misc{configDocument,
    author={Heron},
    year={2019},
    title={Heron Documentation on cluster configuration},
    howpublished={\url{http://heron.incubator.apache.org/docs/cluster-config-overview/}},
}

@inproceedings{selfRegulatingStreaming,
 author = {Floratou, Avrilia and Agrawal, Ashvin},
 title = {Self-Regulating Streaming Systems: Challenges and Opportunities},
 booktitle = {Proceedings of the International Workshop on Real-Time Business Intelligence and Analytics},
 series = {BIRTE '17},
 year = {2017},
 isbn = {978-1-4503-5425-7},
 location = {Munich, Germany},
 pages = {1:1--1:5},
 articleno = {1},
 numpages = {5},
 url = {http://doi.acm.org/10.1145/3129292.3129295},
 doi = {10.1145/3129292.3129295},
 acmid = {3129295},
 publisher = {ACM},
 address = {New York, NY, USA},
 keywords = {Stream data processing, self-regulating streaming systems},
} 

@article{automateTuning,
 author = {Sullivan, David G. and Seltzer, Margo I. and Pfeffer, Avi},
 title = {Using Probabilistic Reasoning to Automate Software Tuning},
 journal = {SIGMETRICS Perform. Eval. Rev.},
 issue_date = {June 2004},
 volume = {32},
 number = {1},
 month = jun,
 year = {2004},
 issn = {0163-5999},
 pages = {404--405},
 numpages = {2},
 url = {http://doi.acm.org/10.1145/1012888.1005739},
 doi = {10.1145/1012888.1005739},
 acmid = {1005739},
 publisher = {ACM},
 address = {New York, NY, USA},
 keywords = {influence diagrams, probabilistic reasoning, self-tuning systems},
} 

@article{dhalion,
author = {Floratou, Avrilia and Agrawal, Ashvin and Graham, Bill and Rao, Sriram and Ramasamy, Karthik},
year = {2017},
month = {08},
pages = {1825-1836},
title = {Dhalion: self-regulating stream processing in heron},
volume = {10},
journal = {Proceedings of the VLDB Endowment},
doi = {10.14778/3137765.3137786}
}

@article{reinforcment,
 author = {Jaksch, Thomas and Ortner, Ronald and Auer, Peter},
 title = {Near-optimal Regret Bounds for Reinforcement Learning},
 journal = {J. Mach. Learn. Res.},
 issue_date = {3/1/2010},
 volume = {11},
 month = aug,
 year = {2010},
 issn = {1532-4435},
 pages = {1563--1600},
 numpages = {38},
 url = {http://dl.acm.org/citation.cfm?id=1756006.1859902},
 acmid = {1859902},
 publisher = {JMLR.org},
} 

@article{roger2019comprehensive,
  title={A comprehensive survey on parallelization and elasticity in stream processing},
  author={R{\"o}ger, Henriette and Mayer, Ruben},
  journal={ACM Computing Surveys (CSUR)},
  volume={52},
  number={2},
  pages={1--37},
  year={2019},
  publisher={ACM New York, NY, USA}
}

@article{liu2017stepwise,
  title={A stepwise auto-profiling method for performance optimization of streaming applications},
  author={Liu, Xunyun and Dastjerdi, Amir Vahid and Calheiros, Rodrigo N and Qu, Chenhao and Buyya, Rajkumar},
  journal={ACM Transactions on Autonomous and Adaptive Systems (TAAS)},
  volume={12},
  number={4},
  pages={1--33},
  year={2017},
  publisher={ACM New York, NY, USA}
}

@article{herodotou2020survey,
  title={A Survey on Automatic Parameter Tuning for Big Data Processing Systems},
  author={Herodotou, Herodotos and Chen, Yuxing and Lu, Jiaheng},
  journal={ACM Computing Surveys (CSUR)},
  volume={53},
  number={2},
  pages={1--37},
  year={2020},
  publisher={ACM New York, NY, USA}
}

@article{shieh2017topology,
  title={A topology-based scaling mechanism for A pache S torm},
  author={Shieh, Ce-Kuen and Huang, Sheng-Wei and Sun, Li-Da and Tsai, Ming-Fong and Chilamkurti, Naveen},
  journal={International Journal of Network Management},
  volume={27},
  number={3},
  pages={e1933},
  year={2017},
  publisher={Wiley Online Library}
}

@inproceedings{heinze2014auto,
  title={Auto-scaling techniques for elastic data stream processing},
  author={Heinze, Thomas and Pappalardo, Valerio and Jerzak, Zbigniew and Fetzer, Christof},
  booktitle={2014 IEEE 30th International Conference on Data Engineering Workshops},
  pages={296--302},
  year={2014},
  organization={IEEE}
}

@article{DBLP:journals/corr/abs-1806-03210,
  author    = {Murat Demirbas and
               Aleksey Charapko and
               Ailidani Ailijiang},
  title     = {Does The Cloud Need Stabilizing?},
  journal   = {CoRR},
  volume    = {abs/1806.03210},
  year      = {2018},
  url       = {http://arxiv.org/abs/1806.03210},
  archivePrefix = {arXiv},
  eprint    = {1806.03210},
  timestamp = {Mon, 13 Aug 2018 16:48:05 +0200},
  biburl    = {https://dblp.org/rec/journals/corr/abs-1806-03210.bib},
  bibsource = {dblp computer science bibliography, https://dblp.org}
}

@inproceedings{van2015dynamically,
  title={Dynamically scaling apache storm for the analysis of streaming data},
  author={van der Veen, Jan Sipke and van der Waaij, Bram and Lazovik, Elena and Wijbrandi, Wilco and Meijer, Robert J},
  booktitle={2015 IEEE First International Conference on Big Data Computing Service and Applications},
  pages={154--161},
  year={2015},
  organization={IEEE}
}

@inproceedings{wang2019elasticutor,
  title={Elasticutor: rapid elasticity for realtime stateful stream processing},
  author={Wang, Li and Fu, Tom ZJ and Ma, Richard TB and Winslett, Marianne and Zhang, Zhenjie},
  booktitle={Proceedings of the 2019 International Conference on Management of Data},
  pages={573--588},
  year={2019}
}

@article{zhang2020heron,
  title={L-Heron: An open-source load-aware online scheduler for Apache Heron},
  author={Zhang, Yitian and Yu, Jiong and Lu, Liang and Li, Ziyang and Meng, Zhao},
  journal={Journal of Systems Architecture},
  volume={106},
  pages={101727},
  year={2020},
  publisher={Elsevier}
}

@inproceedings{truong2018performance,
  title={Performance analysis of large-scale distributed stream processing systems on the cloud},
  author={Truong, Tri Minh and Harwood, Aaron and Sinnott, Richard O and Chen, Shiping},
  booktitle={2018 IEEE 11th International Conference on Cloud Computing (CLOUD)},
  pages={754--761},
  year={2018},
  organization={IEEE}
}

@inproceedings{xu2016stela,
  title={Stela: Enabling stream processing systems to scale-in and scale-out on-demand},
  author={Xu, Le and Peng, Boyang and Gupta, Indranil},
  booktitle={2016 IEEE International Conference on Cloud Engineering (IC2E)},
  pages={22--31},
  year={2016},
  organization={IEEE}
}

@article{stephens1997survey,
  title={A survey of stream processing},
  author={Stephens, Robert},
  journal={Acta Informatica},
  volume={34},
  number={7},
  pages={491--541},
  year={1997},
  publisher={Springer}
}

@inproceedings{babcock2002models,
  title={Models and issues in data stream systems},
  author={Babcock, Brian and Babu, Shivnath and Datar, Mayur and Motwani, Rajeev and Widom, Jennifer},
  booktitle={Proceedings of the twenty-first ACM SIGMOD-SIGACT-SIGART symposium on Principles of database systems},
  pages={1--16},
  year={2002}
}

@article{stonebraker20058,
  title={The 8 requirements of real-time stream processing},
  author={Stonebraker, Michael and {\c{C}}etintemel, UÇ§ur and Zdonik, Stan},
  journal={ACM Sigmod Record},
  volume={34},
  number={4},
  pages={42--47},
  year={2005},
  publisher={ACM New York, NY, USA}
}

@article{kamburugamuve2016survey,
  title={Survey of distributed stream processing},
  author={Kamburugamuve, Supun and Fox, Geoffrey},
  journal={Bloomington: Indiana University},
  year={2016}
}

@incollection{zhao2017taxonomy,
  title={A taxonomy and survey of stream processing systems},
  author={Zhao, Xinwei and Garg, Saurabh and Queiroz, Carlos and Buyya, Rajkumar},
  booktitle={Software Architecture for Big Data and the Cloud},
  pages={183--206},
  year={2017},
  publisher={Elsevier}
}

@inproceedings{falt2011task,
  title={Task Scheduling in Data Stream Processing.},
  author={Falt, Zbynek and Yaghob, Jakub},
  booktitle={DATESO},
  pages={85--96},
  year={2011}
}

@article{noghabi2017samza,
  title={Samza: stateful scalable stream processing at LinkedIn},
  author={Noghabi, Shadi A and Paramasivam, Kartik and Pan, Yi and Ramesh, Navina and Bringhurst, Jon and Gupta, Indranil and Campbell, Roy H},
  journal={Proceedings of the VLDB Endowment},
  volume={10},
  number={12},
  pages={1634--1645},
  year={2017},
  publisher={VLDB Endowment}
}

@inproceedings{bondi2000characteristics,
  title={Characteristics of scalability and their impact on performance},
  author={Bondi, Andr{\'e} B},
  booktitle={Proceedings of the 2nd international workshop on Software and performance},
  pages={195--203},
  year={2000}
}

@book{tanenbaum2007distributed,
  title={Distributed systems: principles and paradigms},
  author={Tanenbaum, Andrew S and Van Steen, Maarten},
  year={2007},
  publisher={Prentice-Hall}
}

@article{iqbal2015big,
  title={Big data analysis: Apache storm perspective},
  author={Iqbal, Muhammad Hussain and Soomro, Tariq Rahim},
  journal={International journal of computer trends and technology},
  volume={19},
  number={1},
  pages={9--14},
  year={2015}
}

@article{hirzel2014catalog,
  title={A catalog of stream processing optimizations},
  author={Hirzel, Martin and Soul{\'e}, Robert and Schneider, Scott and Gedik, Bu{\u{g}}ra and Grimm, Robert},
  journal={ACM Computing Surveys (CSUR)},
  volume={46},
  number={4},
  pages={1--34},
  year={2014},
  publisher={ACM New York, NY, USA}
}

@article{Karimov2018BenchmarkingDS,
  title={Benchmarking Distributed Stream Processing Engines},
  author={Jeyhun Karimov and Tilmann Rabl and Asterios Katsifodimos and Roman Samarev and Henri Heiskanen and Volker Markl},
  journal={ArXiv},
  year={2018},
  volume={abs/1802.08496}
}